%YAML 1.1
%TAG !u! tag:unity3d.com,2011:
--- !u!1 &128450
GameObject:
  m_ObjectHideFlags: 0
  m_PrefabParentObject: {fileID: 0}
  m_PrefabInternal: {fileID: 100100000}
  serializedVersion: 4
  m_Component:
  - 4: {fileID: 428450}
  - 212: {fileID: 21228450}
  - 114: {fileID: 11428450}
  m_Layer: 0
  m_Name: btn_nanocube_0
  m_TagString: Untagged
  m_Icon: {fileID: 0}
  m_NavMeshLayer: 0
  m_StaticEditorFlags: 0
  m_IsActive: 1
--- !u!4 &428450
Transform:
  m_ObjectHideFlags: 1
  m_PrefabParentObject: {fileID: 0}
  m_PrefabInternal: {fileID: 100100000}
  m_GameObject: {fileID: 128450}
  m_LocalRotation: {x: 0, y: 0, z: 0, w: 1}
  m_LocalPosition: {x: -.150000006, y: 1.00999999, z: 0}
  m_LocalScale: {x: .75, y: .75, z: .75}
  m_Children: []
  m_Father: {fileID: 0}
  m_RootOrder: 0
--- !u!114 &11428450
MonoBehaviour:
  m_ObjectHideFlags: 1
  m_PrefabParentObject: {fileID: 0}
  m_PrefabInternal: {fileID: 100100000}
  m_GameObject: {fileID: 128450}
  m_Enabled: 1
  m_EditorHideFlags: 0
  m_Script: {fileID: 11500000, guid: 1e5bf13e06b23e2438f57d4e6ea3e27f, type: 3}
  m_Name: 
  m_EditorClassIdentifier: 
  toggle: 0
  resourcePath: Sprites/btn_nanocube
  spriteOrder: 0000000001000000020000000300000004000000050000000600000007000000
  eventID: 
  handler: {fileID: 0}
  onClick: 
  onPressed: 
  onRelease: 
  onOver: 
  onOverExit: 
  onActive: 
  ClickAudio: 
  OverAudio: 
  ReleaseAudio: 
  upColor: {r: 0, g: 0, b: 0, a: 0}
  downColor: {r: 0, g: 0, b: 0, a: 0}
  overColor: {r: 0, g: 0, b: 0, a: 0}
  disabledColor: {r: 0, g: 0, b: 0, a: 0}
  activeColor: {r: 0, g: 0, b: 0, a: 0}
  text: {fileID: 0}
--- !u!212 &21228450
SpriteRenderer:
  m_ObjectHideFlags: 1
  m_PrefabParentObject: {fileID: 0}
  m_PrefabInternal: {fileID: 100100000}
  m_GameObject: {fileID: 128450}
  m_Enabled: 1
  m_CastShadows: 0
  m_ReceiveShadows: 0
  m_LightmapIndex: 255
  m_LightmapTilingOffset: {x: 1, y: 1, z: 0, w: 0}
  m_Materials:
  - {fileID: 10754, guid: 0000000000000000e000000000000000, type: 0}
  m_SubsetIndices: 
  m_StaticBatchRoot: {fileID: 0}
  m_UseLightProbes: 0
  m_LightProbeAnchor: {fileID: 0}
  m_ScaleInLightmap: 1
  m_SortingLayerID: 0
  m_SortingOrder: 11
  m_Sprite: {fileID: 21300000, guid: eeb385fe92dd1498fa29dd76b0caeb3f, type: 3}
  m_Color: {r: 1, g: 1, b: 1, a: 1}
--- !u!1001 &100100000
Prefab:
  m_ObjectHideFlags: 1
  serializedVersion: 2
  m_Modification:
    m_TransformParent: {fileID: 0}
    m_Modifications: []
    m_RemovedComponents: []
  m_ParentPrefab: {fileID: 0}
  m_RootGameObject: {fileID: 128450}
  m_IsPrefabParent: 1
  m_IsExploded: 1
